<?xml version="1.0" encoding="UTF-8"?><collection xmlns="http://www.loc.gov/MARC21/slim"><record><leader>00406nam--2200145-i-4500</leader><controlfield tag="001">000016220</controlfield><controlfield tag="002">20161230</controlfield><controlfield tag="005">20170306224137</controlfield><controlfield tag="008">060222s1000------------r-----000-0-eng-d</controlfield><datafield ind1=" " ind2=" " tag="100"><subfield code="a">Czock, K. H</subfield></datafield><datafield ind1=" " ind2=" " tag="245"><subfield code="a">Determination of the half-life of 103pd</subfield></datafield><datafield ind1=" " ind2=" " tag="260"><subfield code="a">Vienna</subfield><subfield code="b">International Atomic Energy Agency</subfield><subfield code="c">1974</subfield></datafield><datafield ind1=" " ind2=" " tag="300"><subfield code="a">11 p</subfield></datafield><datafield ind1=" " ind2=" " tag="852"><subfield code="a">539.1.074.7(047.1):546.98(047.1)</subfield></datafield><datafield ind1=" " ind2=" " tag="CAT"><subfield code="a">SYS</subfield><subfield code="c">20170306</subfield><subfield code="h">224137</subfield></datafield></record></collection>